<?xml version="1.0" encoding="UTF-8"?>
<record xmlns="http://www.loc.gov/MARC21/slim" xmlns:xsi="http://www.w3.org/2001/XMLSchema-instance" xsi:schemaLocation="http://www.loc.gov/MARC21/slim http://www.loc.gov/standards/marcxml/schema/MARC21slim.xsd">
<leader>     cam a2200325 a 4500</leader>
<controlfield tag="001">001685194</controlfield>
<controlfield tag="003">NNU</controlfield>
<controlfield tag="005">20061010173253.0</controlfield>
<controlfield tag="008">980929s1965    iq       b    001 0 ara d</controlfield>
<datafield tag="010" ind1=" " ind2=" ">
<subfield code="a">ne 65002717</subfield>
</datafield>
<datafield tag="035" ind1="9" ind2=" ">
<subfield code="a">NYUb12228630</subfield>
</datafield>
<datafield tag="035" ind1=" " ind2=" ">
<subfield code="a">(NNU)NYUb12228630</subfield>
</datafield>
<datafield tag="040" ind1=" " ind2=" ">
<subfield code="a">PU</subfield>
<subfield code="c">PSt</subfield>
<subfield code="d">NIC</subfield>
<subfield code="d">UaCaAUL</subfield>
</datafield>
<datafield tag="066" ind1=" " ind2=" ">
<subfield code="c">(3</subfield>
</datafield>
<datafield tag="090" ind1=" " ind2=" ">
<subfield code="a">PJ6131</subfield>
<subfield code="b">.H2</subfield>
</datafield>
<datafield tag="100" ind1="1" ind2=" ">
<subfield code="a">Ḥadīthī, Khadījah</subfield>
<subfield code="6">880-01</subfield>
</datafield>
<datafield tag="245" ind1="1" ind2="0">
<subfield code="6">880-02</subfield>
<subfield code="a">Abniyat al-ṣarf fī Kitāb Sībawayh /</subfield>
<subfield code="c">Khadījah al-Ḥadīthī.</subfield>
</datafield>
<datafield tag="250" ind1=" " ind2=" ">
<subfield code="6">880-03</subfield>
<subfield code="a">al-Ṭabʻah 1.</subfield>
</datafield>
<datafield tag="260" ind1=" " ind2=" ">
<subfield code="6">880-04</subfield>
<subfield code="a">Baghdād :</subfield>
<subfield code="b">Maktabat al-Nahḍah,</subfield>
<subfield code="c">1965.</subfield>
</datafield>
<datafield tag="300" ind1=" " ind2=" ">
<subfield code="a">576 p. ;</subfield>
<subfield code="c">25 cm.</subfield>
</datafield>
<datafield tag="504" ind1=" " ind2=" ">
<subfield code="a">Includes bibliographical references (p. 531-537) and indexes.</subfield>
</datafield>
<datafield tag="500" ind1=" " ind2=" ">
<subfield code="a">Cover title: Abniyat al-sarf fi K. Sibawayhi [by] Khadiya al-Hadithi.</subfield>
</datafield>
<datafield tag="600" ind1="1" ind2="0">
<subfield code="a">Sībawayh, ʻAmr ibn ʻUthmān,</subfield>
<subfield code="d">8th cent.</subfield>
<subfield code="t">Kitāb</subfield>
<subfield code="6">880-05</subfield>
</datafield>
<datafield tag="650" ind1=" " ind2="0">
<subfield code="a">Arabic language</subfield>
<subfield code="x">Word formation.</subfield>
</datafield>
<datafield tag="650" ind1=" " ind2="0">
<subfield code="a">Arabic language</subfield>
<subfield code="x">Grammar.</subfield>
</datafield>
<datafield tag="880" ind1="1" ind2=" ">
<subfield code="6">100-01/</subfield>
<subfield code="a">حديثى، خديجة.</subfield>
</datafield>
<datafield tag="880" ind1="1" ind2="0">
<subfield code="6">245-02/</subfield>
<subfield code="a">أبنية الصرف فى كتاب سيبويه /</subfield>
<subfield code="c">خديجة الحديثى.</subfield>
</datafield>
<datafield tag="880" ind1=" " ind2=" ">
<subfield code="6">250-03/</subfield>
<subfield code="a">الطبعة 1.</subfield>
</datafield>
<datafield tag="880" ind1=" " ind2=" ">
<subfield code="6">260-04/</subfield>
<subfield code="a">بغداد :</subfield>
<subfield code="b">مكتبة النهضة،</subfield>
<subfield code="c">1965.</subfield>
</datafield>
<datafield tag="880" ind1="1" ind2="4">
<subfield code="6">600-05/</subfield>
<subfield code="a">سيبويه، عمرو بن عثمان.</subfield>
<subfield code="t">كتاب.</subfield>
</datafield>
<datafield tag="OWN" ind1=" " ind2=" ">
<subfield code="a">GENERAL</subfield>
</datafield>
<datafield tag="998" ind1=" " ind2=" ">
<subfield code="a">20010429</subfield>
<subfield code="d">20010429</subfield>
<subfield code="d">20010429</subfield>
<subfield code="n">NNU</subfield>
<subfield code="s">6</subfield>
<subfield code="t">c</subfield>
<subfield code="z">p</subfield>
</datafield>
<datafield tag="AVA" ind1=" " ind2=" ">
<subfield code="a">NYU50</subfield>
<subfield code="b">BOBST</subfield>
<subfield code="c">Main Collection</subfield>
<subfield code="d">PJ6131 .H2</subfield>
<subfield code="e">unavailable</subfield>
<subfield code="t">Unavailable</subfield>
<subfield code="f">1</subfield>
<subfield code="g">1</subfield>
<subfield code="h">N</subfield>
<subfield code="i">0</subfield>
<subfield code="j">MAIN</subfield>
<subfield code="k">0</subfield>
</datafield>
</record>
